02RETORNO01COBRANCA       924800015639        ASSOC RELIGIOSAS INSTR CRISTA 341BANCO ITAU S.A.03061901600BPI02276030619                                                                                                                                                                                                                                                                                   000001
10210847762001315924800015639                                 00000000            109000000002             I520306190000003   00000000            000000000000000000034100000  000000000009000000000000000000000000000000000000000000000000000000000000000000000000000000000000000000000000000000000         00000000000000000000000                                                                      000002
9201341          000000000000000000000000000000          000000000000000000000000000000                                                  000000000000000000000000000000          0000000100000000061360  03/06S022760000000100000000000000                                                                                                                                                                000003
