02RETORNO01COBRANCA       924800015639        ASSOC RELIGIOSAS INSTR CRISTA 341BANCO ITAU S.A.06061901600BPI02277060619                                                                                                                                                                                                                                                                                   000001
10210847762001315924800015639        001100000000000000159459301594593            109015945936             I02060619000253562701594593            10061900000375104803410361601000000000000000000000000000000000000000000000000000000000000000000000000000000000000000000000000000113280000000000000         00000000000000000000000ASSOC CULTURAL DESP MADRE                                             000002
9201341          000000000000000000000000000000          000000000000000000000000000000                                                  000000000000000000000000000000          0000000200000037571840  06/06S022770000000100000037510480                                                                                                                                                                000003
