34100000      060210847762001315                    01247 000000020440 5ASSOCIACAO DAS RELIGIOSAS DA IBANCO ITAU                              10706201908502500000000000000                                                                     
34100011C2001031 210847762001315                    01247 000000020440 5ASSOCIACAO DAS RELIGIOSAS DA I                                        AV RUI BARBOSA                01426               RECIFE              52050000PE                  
3410001300001A00000034107227 000000004922 3CAUBY FERNANDO BARBOSA CAVALCA0010000000000252539812062019REA000000000000000000000000080000                    00000000000000000000000                    00000022830820000143            5          
3410001300002B   222830820000143                              00000                                                  000000 0                                                                                                                   
3410001300003A00000034100478 000000093277 5TARCILIA MARIA NUNES TAVARES 00010000000000253604812062019REA000000000000000000000000110000                    00000000000000000000000                    00000021837425000120            5          
3410001300004B   221837425000120                              00000                                                  000000 0                                                                                                                   
3410001300005A00000034107227 000000034077 0VILANOVA EMPREENDIMENTOS LTDA 0010000000000253622212062019REA000000000000000000000000927491                    00000000000000000000000                    00000006836982000132            5          
3410001300006B   206836982000132                              00000                                                  000000 0                                                                                                                   
34100015         000008000000000001117491000000000000000000                                                                                                                                                                                     
34100021C2003031 210847762001315                    01247 000000020440 5ASSOCIACAO DAS RELIGIOSAS DA I                                        AV RUI BARBOSA                01426               RECIFE              52050000PE                  
3410002300001A00000010403017 000000064907 7JOAO TENORIO CAVALCANTI       0010000000000253614912062019REA000000000000000000000000499000                    00000000000000000000000                    00000028749379000156            5          
3410002300002B   100039130886449                              00000                                                  000000 0                                                                                                                   
34100025         000004000000000000499000000000000000000000                                                                                                                                                                                     
34100031C2013031 210847762001315                    01247 000000020440 5ASSOCIACAO DAS RELIGIOSAS DA I                                        AV RUI BARBOSA                01426               RECIFE              52050000PE                  
3410003300001O00084630000000844300240303204946034268248011905    TELEMAR NORTE LESTE S/A.      11062019REA00000000000000000000000000844311062019000000000000000               00100000000002536139                                              
3410003300002O00084620000000844300240303215782034591248021905    TELEMAR NORTE LESTE S/A.      12062019REA00000000000000000000000000844312062019000000000000000               00100000000002536142                                              
3410003300003O00084600000001244900240303204946034274687011905    TELEMAR NORTE LESTE S/A.      11062019REA00000000000000000000000001244911062019000000000000000               00100000000002536146                                              
3410003300004O00084640000000931800240303204946034273616011905    TELEMAR NORTE LESTE S/A.      11062019REA00000000000000000000000000931811062019000000000000000               00100000000002536147                                              
3410003300005O00084630000000844300240303204946034267140011905    TELEMAR NORTE LESTE S/A.      11062019REA00000000000000000000000000844311062019000000000000000               00100000000002536155                                              
3410003300006O00084680000042057301090110038264430080071396810    TIM S.A.                      10062019REA00000000000000000000000042057310062019000000000000000               00100000000002536216                                              
34100035         000008000000000000467669000000000000000                                                                                                                                                                                        
34100035         000002000000000000467669000000000000000000                                                                                                                                                                                     
34100041C2030031 210847762001315                    01247 000000020440 5ASSOCIACAO DAS RELIGIOSAS DA I                                        AV RUI BARBOSA                01426               RECIFE              52050000PE                  
3410004300001J00034191791800006250001579102700770773091558000ART COR PROGRAMACAO VISUAL LTD120620190000000006250000000000000000000000000000000001206201900000000062500000000000000000000100000000002440836                                      
3410004300001J000522010847762001315ASSOCIACAO DAS RELIGIOSAS DA INSTRUCAO C2000572934000106ART COR PROGRAMACAO VISUAL LTDA         2000572934000106ART COR PROGRAMACAO VISUAL LTDA                                                              
3410004300002J00034196791300000475301090055429672938039183000CIL - COMERCIO DE INFORMATICA 120620190000000000475300000000000000000000000000000001206201900000000004753000000000000000000100000000002470556                                      
3410004300002J000522010847762001315ASSOCIACAO DAS RELIGIOSAS DA INSTRUCAO C2024073694000155CIL - COMERCIO DE INFORMATICA LTDA      2024073694000155CIL - COMERCIO DE INFORMATICA LTDA                                                           
3410004300003J00034193791800002377391129881193120328452008000FRIGELAR COMERCIO E DISTRIBUIC120620190000000002377390000000000000000000000000000001206201900000000023773900000000000000000100000000002492908                                      
3410004300003J000522010847762001315ASSOCIACAO DAS RELIGIOSAS DA INSTRUCAO C2092660406000623FRIGELAR COMERCIO E DISTRIBUICAO S/A    2092660406000623FRIGELAR COMERCIO E DISTRIBUICAO S/A                                                         
3410004300004J00034191791800000489341091446447279324144626000COMERCIAL DE TRANSFORMADORES L120620190000000000489340000000000000000000000000000001206201900000000004893400000000000000000100000000002506003                                      
3410004300004J000522010847762001315ASSOCIACAO DAS RELIGIOSAS DA INSTRUCAO C2008118432000103COMERCIAL DE TRANSFORMADORES LTDA       2008118432000103COMERCIAL DE TRANSFORMADORES LTDA                                                            
3410004300005J00034194791800000370621090146581762938268774000ARMAZEM CORAL LTDA            120620190000000000370620000000000000000000000000000001206201900000000003706200000000000000000100000000002509285                                      
3410004300005J000522010847762001315ASSOCIACAO DAS RELIGIOSAS DA INSTRUCAO C2011623188002194ARMAZEM CORAL LTDA                      2011623188002194ARMAZEM CORAL LTDA                                                                           
3410004300006J00034199791800000448501090000342415633159339000ARMAZEM 4 CANTOS LTDA - ME    120620190000000000448500000000000000000000000000000001206201900000000004485000000000000000000100000000002513458                                      
3410004300006J000522010847762001315ASSOCIACAO DAS RELIGIOSAS DA INSTRUCAO C2070175161000100ARMAZEM 4 CANTOS LTDA - ME              2070175161000100ARMAZEM 4 CANTOS LTDA - ME                                                                   
3410004300007J00034196792100009013801570751882481247707050000CLARICE E LARISSA VIAGENS E TU150620190000000009013800000000000000000000000000000001506201900000000090138000000000000000000100000000002514530                                      
3410004300007J000522010847762001315ASSOCIACAO DAS RELIGIOSAS DA INSTRUCAO C2001774651000100CLARICE E LARISSA VIAGENS E TURISMO LTDA2001774651000100CLARICE E LARISSA VIAGENS E TURISMO LTDA                                                     
3410004300008J00034191792800015884001091000659430773324108000CIL - COMERCIO DE INFORMATICA 100620190000000015884000000000000000000000000000000001006201900000000158840000000000000000000100000000002515548                                      
3410004300008J000522010847762001315ASSOCIACAO DAS RELIGIOSAS DA INSTRUCAO C2024073694000155CIL - COMERCIO DE INFORMATICA LTDA      2024073694000155CIL - COMERCIO DE INFORMATICA LTDA                                                           
3410004300009J00034191791800000303751090147354792938268774000ARMAZEM CORAL LTDA            120620190000000000303750000000000000000000000000000001206201900000000003037500000000000000000100000000002529511                                      
3410004300009J000522010847762001315ASSOCIACAO DAS RELIGIOSAS DA INSTRUCAO C2011623188002194ARMAZEM CORAL LTDA                      2011623188002194ARMAZEM CORAL LTDA                                                                           
3410004300010J00034196791800000951021090000721271594395004000FERTEK FERRAMENTAS            120620190000000000951020000000000000000000000000000001206201900000000009510200000000000000000100000000002532152                                      
3410004300010J000522010847762001315ASSOCIACAO DAS RELIGIOSAS DA INSTRUCAO C2015065029000129FERTEK FERRAMENTAS                      2015065029000129FERTEK FERRAMENTAS                                                                           
3410004300011J00034197791800000670901090903564517884123444000COLEGIO E CURSO SANTA ROSA LTD120620190000000000670900000000000000000000000000000001206201900000000006709000000000000000000100000000002533686                                      
3410004300011J000522010847762001315ASSOCIACAO DAS RELIGIOSAS DA INSTRUCAO C2005426743000141COLEGIO E CURSO SANTA ROSA LTDA - ME    2005426743000141COLEGIO E CURSO SANTA ROSA LTDA - ME                                                         
3410004300012J00034198791900000712001090002445448322124648000MAFEMA LTDA EPP               130620190000000000712000000000000000000000000000000001306201900000000007120000000000000000000100000000002534340                                      
3410004300012J000522010847762001315ASSOCIACAO DAS RELIGIOSAS DA INSTRUCAO C2024091522000104MAFEMA LTDA EPP                         2024091522000104MAFEMA LTDA EPP                                                                              
3410004300013J00034191793200000350161090159408161247231754000ASSOCIACAO DAS RELIGIOSAS DA I260620190000000000350160000000000000000000000000000002606201900000000003501600000000000000000100000000002535626                                      
3410004300013J000522010847762001315ASSOCIACAO DAS RELIGIOSAS DA INSTRUCAO C2010847762000181ASSOCIACAO DAS RELIGIOSAS DA INSTRUCAO C2010847762000181ASSOCIACAO DAS RELIGIOSAS DA INSTRUCAO C                                                     
3410004300014J00034193791800001650001571310278929249203945000SPAZZIO MARMORES E GRANITOS LT120620190000000001650000000000000000000000000000000001206201900000000016500000000000000000000100000000002535741                                      
3410004300014J000522010847762001315ASSOCIACAO DAS RELIGIOSAS DA INSTRUCAO C2008092669000162SPAZZIO MARMORES E GRANITOS LTDA - ME   2008092669000162SPAZZIO MARMORES E GRANITOS LTDA - ME                                                        
3410004300015J00034197791800295089001090159408241247231754000ASSOCIACAO DAS RELIGIOSAS DA I120620190000000295089000000000000000000000000000000001206201900000002950890000000000000000000100000000002535815                                      
3410004300015J000522010847762001315ASSOCIACAO DAS RELIGIOSAS DA INSTRUCAO C2010847762000181ASSOCIACAO DAS RELIGIOSAS DA INSTRUCAO C2010847762000181ASSOCIACAO DAS RELIGIOSAS DA INSTRUCAO C                                                     
3410004300016J00034196791600000200001571209797519325137231000ESPACO EDUCACIONAL ANA CECILIA100620190000000000200000000000000000000000000000000001006201900000000002000000000000000000000100000000002536018                                      
3410004300016J000522010847762001315ASSOCIACAO DAS RELIGIOSAS DA INSTRUCAO C2008599625000123ESPACO EDUCACIONAL ANA CECILIA ME       2008599625000123ESPACO EDUCACIONAL ANA CECILIA ME                                                            
3410004300017J00034199791600000320001570873711227227284010000IDEIA NOVA MARKETING DIRETO LT100620190000000000320000000000000000000000000000000001006201900000000003200000000000000000000100000000002536055                                      
3410004300017J000522010847762001315ASSOCIACAO DAS RELIGIOSAS DA INSTRUCAO C2010629249000114IDEIA NOVA MARKETING DIRETO LTDA        2010629249000114IDEIA NOVA MARKETING DIRETO LTDA                                                             
3410004300018J00034197791600003056001090159408571247231754000ASSOCIACAO DAS RELIGIOSAS DA I100620190000000003056000000000000000000000000000000001006201900000000030560000000000000000000100000000002536138                                      
3410004300018J000522010847762001315ASSOCIACAO DAS RELIGIOSAS DA INSTRUCAO C2010847762000181ASSOCIACAO DAS RELIGIOSAS DA INSTRUCAO C2010847762000181ASSOCIACAO DAS RELIGIOSAS DA INSTRUCAO C                                                     
3410004300019J00034197791800000250001571254008888435094126000SANIDADE - CONTROLE DE PRAGAS 120620190000000000250000000000000000000000000000000001206201900000000002500000000000000000000100000000002536154                                      
3410004300019J000522010847762001315ASSOCIACAO DAS RELIGIOSAS DA INSTRUCAO C2003056458000150SANIDADE - CONTROLE DE PRAGAS - LTDA    2003056458000150SANIDADE - CONTROLE DE PRAGAS - LTDA                                                         
34100045         000040000000000033886178000000000000000000                                                                                                                                                                                     
34100051C2031031 210847762001315                    01247 000000020440 5ASSOCIACAO DAS RELIGIOSAS DA I                                        AV RUI BARBOSA                01426               RECIFE              52050000PE                  
3410005300001J00000192791700000504980000002447488000019573117FERREIRA COSTA & CIA. LTDA    110620190000000000504980000000000000000000000000000001106201900000000005049800000000000000000100000000002368040                                      
3410005300001J000522010847762001315ASSOCIACAO DAS RELIGIOSAS DA INSTRUCAO C2010230480000483FERREIRA COSTA & CIA. LTDA              2010230480000483FERREIRA COSTA & CIA. LTDA                                                                   
3410005300002J00023791791800004375003201091000018993804687780EDITORA JORNAL DO COMMERCIO S/120620190000000004375000000000000000000000000000000001206201900000000043750000000000000000000100000000002436807                                      
3410005300002J000522010847762001315ASSOCIACAO DAS RELIGIOSAS DA INSTRUCAO C2010798130000175EDITORA JORNAL DO COMMERCIO S/A         2010798130000175EDITORA JORNAL DO COMMERCIO S/A                                                              
3410005300003J000756957918000045000013330010209104000052730033603D MIDIAS INTERATIVAS LTDA 120620190000000004500000000000000000000000000000000001206201900000000045000000000000000000000100000000002509291                                      
3410005300003J000522010847762001315ASSOCIACAO DAS RELIGIOSAS DA INSTRUCAO C20175383870001373603D MIDIAS INTERATIVAS LTDA           20175383870001373603D MIDIAS INTERATIVAS LTDA                                                                
3410005300004J000756927918000005000013330010209104000053060033603D MIDIAS INTERATIVAS LTDA 120620190000000000500000000000000000000000000000000001206201900000000005000000000000000000000100000000002509313                                      
3410005300004J000522010847762001315ASSOCIACAO DAS RELIGIOSAS DA INSTRUCAO C20175383870001373603D MIDIAS INTERATIVAS LTDA           20175383870001373603D MIDIAS INTERATIVAS LTDA                                                                
3410005300005J00000192791800003365010000003009564000000040717SHOPPING DO PAPEL LTDA        120620190000000003365010000000000000000000000000000001206201900000000033650100000000000000000100000000002511731                                      
3410005300005J000522010847762001315ASSOCIACAO DAS RELIGIOSAS DA INSTRUCAO C2069902682000124SHOPPING DO PAPEL LTDA                  2069902682000124SHOPPING DO PAPEL LTDA                                                                       
3410005300006J00000192791800003465000000002290445610840165411TOP TROFEUS E MEDALHAS LTDA   120620190000000003465000000000000000000000000000000001206201900000000034650000000000000000000100000000002511928                                      
3410005300006J000522010847762001315ASSOCIACAO DAS RELIGIOSAS DA INSTRUCAO C2013563711000116TOP TROFEUS E MEDALHAS LTDA             2013563711000116TOP TROFEUS E MEDALHAS LTDA                                                                  
3410005300007J00000191791800004733140000003009564000000042017SHOPPING DO PAPEL LTDA        120620190000000004733140000000000000000000000000000001206201900000000047331400000000000000000100000000002512313                                      
3410005300007J000522010847762001315ASSOCIACAO DAS RELIGIOSAS DA INSTRUCAO C2069902682000124SHOPPING DO PAPEL LTDA                  2069902682000124SHOPPING DO PAPEL LTDA                                                                       
3410005300008J00000197792000006245160000002779865000000302517CASTRO E SILVA DISTRIBUIDORA D140620190000000006245160000000000000000000000000000001406201900000000062451600000000000000000100000000002514657                                      
3410005300008J000522010847762001315ASSOCIACAO DAS RELIGIOSAS DA INSTRUCAO C2023030585000198CASTRO E SILVA DISTRIBUIDORA DE MATERIAL2023030585000198CASTRO E SILVA DISTRIBUIDORA DE MATERIAL                                                     
3410005300009J00000196791800000508750000003087349000000057517CONFECCOES FLAMIN LTDA        120620190000000000508750000000000000000000000000000001206201900000000005087500000000000000000100000000002517874                                      
3410005300009J000522010847762001315ASSOCIACAO DAS RELIGIOSAS DA INSTRUCAO C2008747834000177CONFECCOES FLAMIN LTDA                  2008747834000177CONFECCOES FLAMIN LTDA                                                                       
3410005300010J00000199791800004700001675802983918500000417517BANDEIRANTES PROPAGANDA EXTERN120620190000000004700000000000000000000000000000000001206201900000000047000000000000000000000100000000002528618                                      
3410005300010J000522010847762001315ASSOCIACAO DAS RELIGIOSAS DA INSTRUCAO C2011271475000139BANDEIRANTES PROPAGANDA EXTERNA LTDA    2011271475000139BANDEIRANTES PROPAGANDA EXTERNA LTDA                                                         
3410005300011J00023797792100000914000290090000014673900810010COLEGIO AMERICANO BATISTA     150620190000000000914000000000000000000000000000000001506201900000000009140000000000000000000100000000002533580                                      
3410005300011J000522010847762001315ASSOCIACAO DAS RELIGIOSAS DA INSTRUCAO C2010981876000110COLEGIO AMERICANO BATISTA               2010981876000110COLEGIO AMERICANO BATISTA                                                                    
3410005300012J00003399792100000700009810320800000014676460101COLEGIO AMERICANO BATISTA     150620190000000000700000000000000000000000000000000001506201900000000007000000000000000000000100000000002533583                                      
3410005300012J000522010847762001315ASSOCIACAO DAS RELIGIOSAS DA INSTRUCAO C2010981876000110COLEGIO AMERICANO BATISTA               2010981876000110COLEGIO AMERICANO BATISTA                                                                    
3410005300013J00003392792100000774009810320800000014682940101COLEGIO AMERICANO BATISTA     150620190000000000735300000000000000000000000000000001506201900000000007353000000000000000000100000000002533584                                      
3410005300013J000522010847762001315ASSOCIACAO DAS RELIGIOSAS DA INSTRUCAO C2010981876000110COLEGIO AMERICANO BATISTA               2010981876000110COLEGIO AMERICANO BATISTA                                                                    
3410005300014J00023791792100000405002140090000001507500505350COLEGIO MULTIPLO ESCOLHA      150620190000000000390000000000000000000000000000000001506201900000000003900000000000000000000100000000002533651                                      
3410005300014J000522010847762001315ASSOCIACAO DAS RELIGIOSAS DA INSTRUCAO C2024782602000106COLEGIO MULTIPLO ESCOLHA                2024782602000106COLEGIO MULTIPLO ESCOLHA                                                                     
3410005300015J00003397792100000385009764671200000002182600101COLEGIO MULTIPLO ENSINO LTDA -150620190000000000340000000000000000000000000000000001506201900000000003400000000000000000000100000000002533887                                      
3410005300015J000522010847762001315ASSOCIACAO DAS RELIGIOSAS DA INSTRUCAO C2040818270000129COLEGIO MULTIPLO ENSINO LTDA - EPP      2040818270000129COLEGIO MULTIPLO ENSINO LTDA - EPP                                                           
3410005300016J00000193791600002823440000001664458000000290017CAPPEN SERV EM COMUNIC INTEGRA100620190000000002823440000000000000000000000000000001006201900000000028234400000000000000000100000000002534002                                      
3410005300016J000522010847762001315ASSOCIACAO DAS RELIGIOSAS DA INSTRUCAO C2008746768000110CAPPEN SERV EM COMUNIC INTEGRADA, DESIGN2008746768000110CAPPEN SERV EM COMUNIC INTEGRADA, DESIGN                                                     
3410005300017J00003395791600000318009113797200000004649960101INSTITUTO DE EDUCACAO VILA SEZ100620190000000000305000000000000000000000000000000001006201900000000003050000000000000000000100000000002534962                                      
3410005300017J000522010847762001315ASSOCIACAO DAS RELIGIOSAS DA INSTRUCAO C2027849034000101INSTITUTO DE EDUCACAO VILA SEZAMO LTDA  2027849034000101INSTITUTO DE EDUCACAO VILA SEZAMO LTDA                                                       
3410005300018J00003391791600000318009113797200000004649880101INSTITUTO DE EDUCACAO VILA SEZ100620190000000000305000000000000000000000000000000001006201900000000003050000000000000000000100000000002534971                                      
3410005300018J000522010847762001315ASSOCIACAO DAS RELIGIOSAS DA INSTRUCAO C2027849034000101INSTITUTO DE EDUCACAO VILA SEZAMO LTDA  2027849034000101INSTITUTO DE EDUCACAO VILA SEZAMO LTDA                                                       
3410005300019J00003395791600000272009113797200000004503160101INSTITUTO DE EDUCACAO VILA SEZ100620190000000000264000000000000000000000000000000001006201900000000002640000000000000000000100000000002534976                                      
3410005300019J000522010847762001315ASSOCIACAO DAS RELIGIOSAS DA INSTRUCAO C2027849034000101INSTITUTO DE EDUCACAO VILA SEZAMO LTDA  2027849034000101INSTITUTO DE EDUCACAO VILA SEZAMO LTDA                                                       
3410005300020J00003391791600000272009113797200000004268060101INSTITUTO DE EDUCACAO VILA SEZ100620190000000000262000000000000000000000000000000001006201900000000002620000000000000000000100000000002534978                                      
3410005300020J000522010847762001315ASSOCIACAO DAS RELIGIOSAS DA INSTRUCAO C2027849034000101INSTITUTO DE EDUCACAO VILA SEZAMO LTDA  2027849034000101INSTITUTO DE EDUCACAO VILA SEZAMO LTDA                                                       
3410005300021J00003394791800002633869017813600000501367800101F GENES & CIA LTDA            120620190000000002633860000000000000000000000000000001206201900000000026338600000000000000000100000000002535733                                      
3410005300021J000522010847762001315ASSOCIACAO DAS RELIGIOSAS DA INSTRUCAO C2010858157000106F GENES & CIA LTDA                      2010858157000106F GENES & CIA LTDA                                                                           
3410005300022J00003391791600000272009113797200000004503080101INSTITUTO DE EDUCACAO VILA SEZ100620190000000000264000000000000000000000000000000001006201900000000002640000000000000000000100000000002535752                                      
3410005300022J000522010847762001315ASSOCIACAO DAS RELIGIOSAS DA INSTRUCAO C2027849034000101INSTITUTO DE EDUCACAO VILA SEZAMO LTDA  2027849034000101INSTITUTO DE EDUCACAO VILA SEZAMO LTDA                                                       
3410005300023J00023791791800005000003201090000008758906968000SUBCONDOMINIO RIOMAR RECIFE   120620190000000005000000000000000000000000000000000001206201900000000050000000000000000000000100000000002535764                                      
3410005300023J000522010847762001315ASSOCIACAO DAS RELIGIOSAS DA INSTRUCAO C2016888022000170SUBCONDOMINIO RIOMAR RECIFE             2016888022000170SUBCONDOMINIO RIOMAR RECIFE                                                                  
3410005300024J00003398792400000634789778118000000334023880101N.B. CAVALCANTI INTERMEDIACAO 180620190000000000634780000000000000000000000000000001806201900000000006347800000000000000000100000000002535827                                      
3410005300024J000522010847762001315ASSOCIACAO DAS RELIGIOSAS DA INSTRUCAO C2035397488000117N.B. CAVALCANTI INTERMEDIACAO DE SERVICO2035397488000117N.B. CAVALCANTI INTERMEDIACAO DE SERVICO                                                     
3410005300025J00023798791800000920003206099155000000204408340COMPROVET COM.E REP.DE PROD.VE120620190000000009200000000000000000000000000000000001206201900000000092000000000000000000000100000000002535849                                      
3410005300025J000522010847762001315ASSOCIACAO DAS RELIGIOSAS DA INSTRUCAO C2010540631000157COMPROVET COM.E REP.DE PROD.VET. LTDA   2010540631000157COMPROVET COM.E REP.DE PROD.VET. LTDA                                                        
3410005300026J00003399791600000272009113797200000004652320101INSTITUTO DE EDUCACAO VILA SEZ100620190000000000262000000000000000000000000000000001006201900000000002620000000000000000000100000000002536021                                      
3410005300026J000522010847762001315ASSOCIACAO DAS RELIGIOSAS DA INSTRUCAO C2027849034000101INSTITUTO DE EDUCACAO VILA SEZAMO LTDA  2027849034000101INSTITUTO DE EDUCACAO VILA SEZAMO LTDA                                                       
3410005300027J00003396791600000272009113797200000004320830101INSTITUTO DE EDUCACAO VILA SEZ100620190000000000264000000000000000000000000000000001006201900000000002640000000000000000000100000000002536029                                      
3410005300027J000522010847762001315ASSOCIACAO DAS RELIGIOSAS DA INSTRUCAO C2027849034000101INSTITUTO DE EDUCACAO VILA SEZAMO LTDA  2027849034000101INSTITUTO DE EDUCACAO VILA SEZAMO LTDA                                                       
3410005300028J00003392791600000272009113797200000004648800101INSTITUTO DE EDUCACAO VILA SEZ100620190000000000262000000000000000000000000000000001006201900000000002620000000000000000000100000000002536046                                      
3410005300028J000522010847762001315ASSOCIACAO DAS RELIGIOSAS DA INSTRUCAO C2027849034000101INSTITUTO DE EDUCACAO VILA SEZAMO LTDA  2027849034000101INSTITUTO DE EDUCACAO VILA SEZAMO LTDA                                                       
3410005300029J00003393791600000272009113797200000004267920101INSTITUTO DE EDUCACAO VILA SEZ100620190000000000262000000000000000000000000000000001006201900000000002620000000000000000000100000000002536051                                      
3410005300029J000522010847762001315ASSOCIACAO DAS RELIGIOSAS DA INSTRUCAO C2027849034000101INSTITUTO DE EDUCACAO VILA SEZAMO LTDA  2027849034000101INSTITUTO DE EDUCACAO VILA SEZAMO LTDA                                                       
3410005300030J00003394791600000272009113797200000004652240101INSTITUTO DE EDUCACAO VILA SEZ100620190000000000262000000000000000000000000000000001006201900000000002620000000000000000000100000000002536056                                      
3410005300030J000522010847762001315ASSOCIACAO DAS RELIGIOSAS DA INSTRUCAO C2027849034000101INSTITUTO DE EDUCACAO VILA SEZAMO LTDA  2027849034000101INSTITUTO DE EDUCACAO VILA SEZAMO LTDA                                                       
3410005300031J00003391791600000272009113797200000004320750101INSTITUTO DE EDUCACAO VILA SEZ100620190000000000264000000000000000000000000000000001006201900000000002640000000000000000000100000000002536061                                      
3410005300031J000522010847762001315ASSOCIACAO DAS RELIGIOSAS DA INSTRUCAO C2027849034000101INSTITUTO DE EDUCACAO VILA SEZAMO LTDA  2027849034000101INSTITUTO DE EDUCACAO VILA SEZAMO LTDA                                                       
3410005300032J00003398791600000272009113797200000004648720101INSTITUTO DE EDUCACAO VILA SEZ100620190000000000262000000000000000000000000000000001006201900000000002620000000000000000000100000000002536063                                      
3410005300032J000522010847762001315ASSOCIACAO DAS RELIGIOSAS DA INSTRUCAO C2027849034000101INSTITUTO DE EDUCACAO VILA SEZAMO LTDA  2027849034000101INSTITUTO DE EDUCACAO VILA SEZAMO LTDA                                                       
3410005300033J00003396791600000240009113797200000004651190101INSTITUTO DE EDUCACAO VILA SEZ100620190000000000230000000000000000000000000000000001006201900000000002300000000000000000000100000000002536075                                      
3410005300033J000522010847762001315ASSOCIACAO DAS RELIGIOSAS DA INSTRUCAO C2027849034000101INSTITUTO DE EDUCACAO VILA SEZAMO LTDA  2027849034000101INSTITUTO DE EDUCACAO VILA SEZAMO LTDA                                                       
3410005300034J00003395791800005795249740428000000000004570101NATUS SERVICOS TERCEIRIZADOS L120620190000000005795240000000000000000000000000000001206201900000000057952400000000000000000100000000002536082                                      
3410005300034J000522010847762001315ASSOCIACAO DAS RELIGIOSAS DA INSTRUCAO C2014202370000116NATUS SERVICOS TERCEIRIZADOS LTDA       2014202370000116NATUS SERVICOS TERCEIRIZADOS LTDA                                                            
3410005300035J00003391791600000240009113797200000004651000101INSTITUTO DE EDUCACAO VILA SEZ100620190000000000230000000000000000000000000000000001006201900000000002300000000000000000000100000000002536091                                      
3410005300035J000522010847762001315ASSOCIACAO DAS RELIGIOSAS DA INSTRUCAO C2027849034000101INSTITUTO DE EDUCACAO VILA SEZAMO LTDA  2027849034000101INSTITUTO DE EDUCACAO VILA SEZAMO LTDA                                                       
3410005300036J00010492791800000400006250580140100040071277693STARTEC - TELECOMUNICACOES LTD120620190000000000400000000000000000000000000000000001206201900000000004000000000000000000000100000000002536096                                      
3410005300036J000522010847762001315ASSOCIACAO DAS RELIGIOSAS DA INSTRUCAO C2001476494000148STARTEC - TELECOMUNICACOES LTDA.        2001476494000148STARTEC - TELECOMUNICACOES LTDA.                                                             
3410005300037J00000196792100010869770000002771960000000470517EXECUTA COMERCIO E SERVICOS DE150620190000000010869770000000000000000000000000000001506201900000000108697700000000000000000100000000002536108                                      
3410005300037J000522010847762001315ASSOCIACAO DAS RELIGIOSAS DA INSTRUCAO C2013234889000113EXECUTA COMERCIO E SERVICOS DE COMUNICAC2013234889000113EXECUTA COMERCIO E SERVICOS DE COMUNICAC                                                     
3410005300038J000001917918000025000000000022866940000038463171TELECOM SERVICOS DE TECNOLOGI120620190000000002500000000000000000000000000000000001206201900000000025000000000000000000000100000000002536124                                      
3410005300038J000522010847762001315ASSOCIACAO DAS RELIGIOSAS DA INSTRUCAO C20118446630001091TELECOM SERVICOS DE TECNOLOGIA EM INTER20118446630001091TELECOM SERVICOS DE TECNOLOGIA EM INTER                                                     
3410005300039J00000196792100003905490000002771960000000470417EXECUTA COMERCIO E SERVICOS DE150620190000000003905490000000000000000000000000000001506201900000000039054900000000000000000100000000002536131                                      
3410005300039J000522010847762001315ASSOCIACAO DAS RELIGIOSAS DA INSTRUCAO C2013234889000113EXECUTA COMERCIO E SERVICOS DE COMUNICAC2013234889000113EXECUTA COMERCIO E SERVICOS DE COMUNICAC                                                     
3410005300040J00010495791800000475004949099000100041129104796FABIO LIRA B ANGELO - ME      120620190000000000475000000000000000000000000000000001206201900000000004750000000000000000000100000000002536135                                      
3410005300040J000522010847762001315ASSOCIACAO DAS RELIGIOSAS DA INSTRUCAO C2011782101000188FABIO LIRA B ANGELO - ME                2011782101000188FABIO LIRA B ANGELO - ME                                                                     
3410005300041J00000193792100003400000000002771960000000470317EXECUTA COMERCIO E SERVICOS DE150620190000000003400000000000000000000000000000000001506201900000000034000000000000000000000100000000002536136                                      
3410005300041J000522010847762001315ASSOCIACAO DAS RELIGIOSAS DA INSTRUCAO C2013234889000113EXECUTA COMERCIO E SERVICOS DE COMUNICAC2013234889000113EXECUTA COMERCIO E SERVICOS DE COMUNICAC                                                     
3410005300042J00007793791600001645000001112000000800157406770REDACAO NOTA 1000             100620190000000001645000000000000000000000000000000001006201900000000016450000000000000000000100000000002536157                                      
3410005300042J000522010847762001315ASSOCIACAO DAS RELIGIOSAS DA INSTRUCAO C2019640845000170REDACAO NOTA 1000                       2019640845000170REDACAO NOTA 1000                                                                            
3410005300043J00000197792100035061580000001069332010212554117COMPESA - COMPANHIA PERNAMBUCA150620190000000035061580000000000000000000000000000001506201900000000350615800000000000000000100000000002536163                                      
3410005300043J000522010847762001315ASSOCIACAO DAS RELIGIOSAS DA INSTRUCAO C2009769035000164COMPESA - COMPANHIA PERNAMBUCANA DE SANE2009769035000164COMPESA - COMPANHIA PERNAMBUCANA DE SANE                                                     
3410005300044J00000194791600000429000000002834429016614900117SERVHOST INTERNET LTDA - ME   100620190000000000429000000000000000000000000000000001006201900000000004290000000000000000000100000000002536169                                      
3410005300044J000522010847762001315ASSOCIACAO DAS RELIGIOSAS DA INSTRUCAO C2006985306000120SERVHOST INTERNET LTDA - ME             2006985306000120SERVHOST INTERNET LTDA - ME                                                                  
3410005300045J00003391791800001877009847304800000002024870101SAFETEC SAFETEC INFORMATICA LT120620190000000001877000000000000000000000000000000001206201900000000018770000000000000000000100000000002536173                                      
3410005300045J000522010847762001315ASSOCIACAO DAS RELIGIOSAS DA INSTRUCAO C2007333111000169SAFETEC SAFETEC INFORMATICA LTDA        2007333111000169SAFETEC SAFETEC INFORMATICA LTDA                                                             
3410005300046J00010491791800000534502322587250100040000074492CENTRO DE SAUDE EM SEGURANCA E120620190000000000534500000000000000000000000000000001206201900000000005345000000000000000000100000000002536178                                      
3410005300046J000522010847762001315ASSOCIACAO DAS RELIGIOSAS DA INSTRUCAO C2009239734000100CENTRO DE SAUDE EM SEGURANCA E MEDICINA 2009239734000100CENTRO DE SAUDE EM SEGURANCA E MEDICINA                                                      
3410005300047J00010492791800001059342322587250100040000074506CENTRO DE SAUDE EM SEGURANCA E120620190000000001059340000000000000000000000000000001206201900000000010593400000000000000000100000000002536187                                      
3410005300047J000522010847762001315ASSOCIACAO DAS RELIGIOSAS DA INSTRUCAO C2009239734000100CENTRO DE SAUDE EM SEGURANCA E MEDICINA 2009239734000100CENTRO DE SAUDE EM SEGURANCA E MEDICINA                                                      
3410005300048J00010491791600000900000091618000100040261000710CONDOMINIO VILLE CHANDON 89   100620190000000000800000000000000000000000000000000001006201900000000008000000000000000000000100000000002536226                                      
3410005300048J000522010847762001315ASSOCIACAO DAS RELIGIOSAS DA INSTRUCAO C2007055107000186CONDOMINIO VILLE CHANDON 89             2007055107000186CONDOMINIO VILLE CHANDON 89                                                                  
3410005300049J00010491791600000200000091618000100040262000714CONDOMINIO VILLE CHANDON 89   100620190000000000200000000000000000000000000000000001006201900000000002000000000000000000000100000000002536245                                      
3410005300049J000522010847762001315ASSOCIACAO DAS RELIGIOSAS DA INSTRUCAO C2007055107000186CONDOMINIO VILLE CHANDON 89             2007055107000186CONDOMINIO VILLE CHANDON 89                                                                  
3410005300050J00023791791600004435932960020000887731700112110SOSERVI - SOCIEDADE DE SERVICO100620190000000004435930000000000000000000000000000001006201900000000044359300000000000000000100000000002536266                                      
3410005300050J000522010847762001315ASSOCIACAO DAS RELIGIOSAS DA INSTRUCAO C2009863853000121SOSERVI - SOCIEDADE DE SERVICOS GERAIS L2009863853000121SOSERVI - SOCIEDADE DE SERVICOS GERAIS L                                                     
3410005300051J00003393791600000272009113797200000004648640101INSTITUTO DE EDUCACAO VILA SEZ100620190000000000262000000000000000000000000000000001006201900000000002620000000000000000000100000000002536274                                      
3410005300051J000522010847762001315ASSOCIACAO DAS RELIGIOSAS DA INSTRUCAO C2027849034000101INSTITUTO DE EDUCACAO VILA SEZAMO LTDA  2027849034000101INSTITUTO DE EDUCACAO VILA SEZAMO LTDA                                                       
3410005300052J00003391791600000318009113797200000004649700101INSTITUTO DE EDUCACAO VILA SEZ100620190000000000305000000000000000000000000000000001006201900000000003050000000000000000000100000000002536275                                      
3410005300052J000522010847762001315ASSOCIACAO DAS RELIGIOSAS DA INSTRUCAO C2027849034000101INSTITUTO DE EDUCACAO VILA SEZAMO LTDA  2027849034000101INSTITUTO DE EDUCACAO VILA SEZAMO LTDA                                                       
3410005300053J00003399791600000248009113797200000004267500101INSTITUTO DE EDUCACAO VILA SEZ100620190000000000248000000000000000000000000000000001006201900000000002480000000000000000000100000000002536277                                      
3410005300053J000522010847762001315ASSOCIACAO DAS RELIGIOSAS DA INSTRUCAO C2027849034000101INSTITUTO DE EDUCACAO VILA SEZAMO LTDA  2027849034000101INSTITUTO DE EDUCACAO VILA SEZAMO LTDA                                                       
3410005300054J00003395791600000272009113797200000004652080101INSTITUTO DE EDUCACAO VILA SEZ100620190000000000262000000000000000000000000000000001006201900000000002620000000000000000000100000000002536279                                      
3410005300054J000522010847762001315ASSOCIACAO DAS RELIGIOSAS DA INSTRUCAO C2027849034000101INSTITUTO DE EDUCACAO VILA SEZAMO LTDA  2027849034000101INSTITUTO DE EDUCACAO VILA SEZAMO LTDA                                                       
3410005300055J00003394791600000272009113797200000004267760101INSTITUTO DE EDUCACAO VILA SEZ100620190000000000262000000000000000000000000000000001006201900000000002620000000000000000000100000000002536280                                      
3410005300055J000522010847762001315ASSOCIACAO DAS RELIGIOSAS DA INSTRUCAO C2027849034000101INSTITUTO DE EDUCACAO VILA SEZAMO LTDA  2027849034000101INSTITUTO DE EDUCACAO VILA SEZAMO LTDA                                                       
3410005300056J00003399791600000272009113797200000004267840101INSTITUTO DE EDUCACAO VILA SEZ100620190000000000262000000000000000000000000000000001006201900000000002620000000000000000000100000000002536282                                      
3410005300056J000522010847762001315ASSOCIACAO DAS RELIGIOSAS DA INSTRUCAO C2027849034000101INSTITUTO DE EDUCACAO VILA SEZAMO LTDA  2027849034000101INSTITUTO DE EDUCACAO VILA SEZAMO LTDA                                                       
3410005300057J00003393791600000248009113797200000004648300101INSTITUTO DE EDUCACAO VILA SEZ100620190000000000248000000000000000000000000000000001006201900000000002480000000000000000000100000000002536285                                      
3410005300057J000522010847762001315ASSOCIACAO DAS RELIGIOSAS DA INSTRUCAO C2027849034000101INSTITUTO DE EDUCACAO VILA SEZAMO LTDA  2027849034000101INSTITUTO DE EDUCACAO VILA SEZAMO LTDA                                                       
3410005300058J00003397791600000298009113797200000004050940101INSTITUTO DE EDUCACAO VILA SEZ100620190000000000285000000000000000000000000000000001006201900000000002850000000000000000000100000000002536286                                      
3410005300058J000522010847762001315ASSOCIACAO DAS RELIGIOSAS DA INSTRUCAO C2027849034000101INSTITUTO DE EDUCACAO VILA SEZAMO LTDA  2027849034000101INSTITUTO DE EDUCACAO VILA SEZAMO LTDA                                                       
3410005300059J00003393791600000240009113797200000004650970101INSTITUTO DE EDUCACAO VILA SEZ100620190000000000230000000000000000000000000000000001006201900000000002300000000000000000000100000000002536288                                      
3410005300059J000522010847762001315ASSOCIACAO DAS RELIGIOSAS DA INSTRUCAO C2027849034000101INSTITUTO DE EDUCACAO VILA SEZAMO LTDA  2027849034000101INSTITUTO DE EDUCACAO VILA SEZAMO LTDA                                                       
3410005300060J00003392791600000248009113797200000004320320101INSTITUTO DE EDUCACAO VILA SEZ100620190000000000240000000000000000000000000000000001006201900000000002400000000000000000000100000000002536290                                      
3410005300060J000522010847762001315ASSOCIACAO DAS RELIGIOSAS DA INSTRUCAO C2027849034000101INSTITUTO DE EDUCACAO VILA SEZAMO LTDA  2027849034000101INSTITUTO DE EDUCACAO VILA SEZAMO LTDA                                                       
3410005300061J00003391791600000318009113797200000004649610101INSTITUTO DE EDUCACAO VILA SEZ100620190000000000305000000000000000000000000000000001006201900000000003050000000000000000000100000000002536293                                      
3410005300061J000522010847762001315ASSOCIACAO DAS RELIGIOSAS DA INSTRUCAO C2027849034000101INSTITUTO DE EDUCACAO VILA SEZAMO LTDA  2027849034000101INSTITUTO DE EDUCACAO VILA SEZAMO LTDA                                                       
3410005300062J00003392791600000248009113797200000004502600101INSTITUTO DE EDUCACAO VILA SEZ100620190000000000240000000000000000000000000000000001006201900000000002400000000000000000000100000000002536294                                      
3410005300062J000522010847762001315ASSOCIACAO DAS RELIGIOSAS DA INSTRUCAO C2027849034000101INSTITUTO DE EDUCACAO VILA SEZAMO LTDA  2027849034000101INSTITUTO DE EDUCACAO VILA SEZAMO LTDA                                                       
3410005300063J00003399791600000240009113797200000004650890101INSTITUTO DE EDUCACAO VILA SEZ100620190000000000230000000000000000000000000000000001006201900000000002300000000000000000000100000000002536295                                      
3410005300063J000522010847762001315ASSOCIACAO DAS RELIGIOSAS DA INSTRUCAO C2027849034000101INSTITUTO DE EDUCACAO VILA SEZAMO LTDA  2027849034000101INSTITUTO DE EDUCACAO VILA SEZAMO LTDA                                                       
3410005300064J00003399791600000272009113797200000004648560101INSTITUTO DE EDUCACAO VILA SEZ100620190000000000262000000000000000000000000000000001006201900000000002620000000000000000000100000000002536296                                      
3410005300064J000522010847762001315ASSOCIACAO DAS RELIGIOSAS DA INSTRUCAO C2027849034000101INSTITUTO DE EDUCACAO VILA SEZAMO LTDA  2027849034000101INSTITUTO DE EDUCACAO VILA SEZAMO LTDA                                                       
3410005300065J00003393791600000215009113797200000004650620101INSTITUTO DE EDUCACAO VILA SEZ100620190000000000215000000000000000000000000000000001006201900000000002150000000000000000000100000000002536297                                      
3410005300065J000522010847762001315ASSOCIACAO DAS RELIGIOSAS DA INSTRUCAO C2027849034000101INSTITUTO DE EDUCACAO VILA SEZAMO LTDA  2027849034000101INSTITUTO DE EDUCACAO VILA SEZAMO LTDA                                                       
3410005300066J00003397791600000272009113797200000004651940101INSTITUTO DE EDUCACAO VILA SEZ100620190000000000262000000000000000000000000000000001006201900000000002620000000000000000000100000000002536298                                      
3410005300066J000522010847762001315ASSOCIACAO DAS RELIGIOSAS DA INSTRUCAO C2027849034000101INSTITUTO DE EDUCACAO VILA SEZAMO LTDA  2027849034000101INSTITUTO DE EDUCACAO VILA SEZAMO LTDA                                                       
3410005300067J00003391791600000272009113797200000004267680101INSTITUTO DE EDUCACAO VILA SEZ100620190000000000262000000000000000000000000000000001006201900000000002620000000000000000000100000000002536299                                      
3410005300067J000522010847762001315ASSOCIACAO DAS RELIGIOSAS DA INSTRUCAO C2027849034000101INSTITUTO DE EDUCACAO VILA SEZAMO LTDA  2027849034000101INSTITUTO DE EDUCACAO VILA SEZAMO LTDA                                                       
3410005300068J00003391791600000248009113797200000004651860101INSTITUTO DE EDUCACAO VILA SEZ100620190000000000248000000000000000000000000000000001006201900000000002480000000000000000000100000000002536300                                      
3410005300068J000522010847762001315ASSOCIACAO DAS RELIGIOSAS DA INSTRUCAO C2027849034000101INSTITUTO DE EDUCACAO VILA SEZAMO LTDA  2027849034000101INSTITUTO DE EDUCACAO VILA SEZAMO LTDA                                                       
3410005300069J00003397791600000318009113797200000004649530101INSTITUTO DE EDUCACAO VILA SEZ100620190000000000305000000000000000000000000000000001006201900000000003050000000000000000000100000000002536301                                      
3410005300069J000522010847762001315ASSOCIACAO DAS RELIGIOSAS DA INSTRUCAO C2027849034000101INSTITUTO DE EDUCACAO VILA SEZAMO LTDA  2027849034000101INSTITUTO DE EDUCACAO VILA SEZAMO LTDA                                                       
3410005300070J00003394791600000272009113797200000004648480101INSTITUTO DE EDUCACAO VILA SEZ100620190000000000262000000000000000000000000000000001006201900000000002620000000000000000000100000000002536303                                      
3410005300070J000522010847762001315ASSOCIACAO DAS RELIGIOSAS DA INSTRUCAO C2027849034000101INSTITUTO DE EDUCACAO VILA SEZAMO LTDA  2027849034000101INSTITUTO DE EDUCACAO VILA SEZAMO LTDA                                                       
34100055         000142000000000013854927000000000000000000                                                                                                                                                                                     
34100061C2041031 210847762001315                    01247 000000020440 5ASSOCIACAO DAS RELIGIOSAS DA I                                        AV RUI BARBOSA                01426               RECIFE              52050000PE                  
3410006300001A00000034100364 000000035550 0FELIPE EDUARDO C. DA SILVA EDU0010000000000253362812062019REA000000000000000000000000069000                    00000000000000000000000                    00000028641514000145            5          
3410006300002B   228641514000145                              00000                                                  000000 0                                                                                                                   
3410006300003A00000023703201 000000696944 5VIU CINE COMUNICACAO LTDA ME  0010000000000253615312062019REA000000000000000000000000272727                    00000000000000000000000                    00000018274744000160            5          
3410006300004B   218274744000160                              00000                                                  000000 0                                                                                                                   
34100065         000006000000000000341727000000000000000000                                                                                                                                                                                     
34199999         000006000121                                                                                                                                                                                                                   
