01REMESSA01COBRANCA       924800257892        COLEGIO DAS DAMAS DA INSTRUCAO341BANCO ITAU SA  120619                                                                                                                                                                                                                                                                                                      000001
10210847762001315924800257892    00000011000000000000001597426015974260000000000000109                     I01000007157419061900000000611203410000001N120619940000000000000201906190000000000000000000000000000000000000000100003484082429MARIA DE FATIMA OLIVEIRA FONSECA        BOA VIAGEM             APTO 1601    4988BOA VIAGEM  51021000RECIFE         PE  00000000000000000000000000000000000000   000002
10210847762001315924800257892    00000011000000000000001597427015974270000000000000109                     I01000007157519061900000000139973410000001N120619940000000000000051906190000000000000000000000000000000000000000100003484082429MARIA DE FATIMA OLIVEIRA FONSECA        BOA VIAGEM             APTO 1601    4988BOA VIAGEM  51021000RECIFE         PE  00000000000000000000000000000000000000   000003
10210847762001315924800257892    00000011000000000000001597428015974280000000000000109                     I01000007157619061900000000139973410000001N120619940000000000000051906190000000000000000000000000000000000000000100032627335391VANUSA TENORIO CAMILO                   RUA CAPITAO SAMPAIO XAV1702          420GRACAS      52050555RECIFE         PE  00000000000000000000000000000000000000   000004
10210847762001315924800257892    00000011000000000000001597432015974320000000000000109                     I01000007157819061900000000279943410000001N120619940000000000000091906190000000000000000000000000000000000000000100003689856442MARIA LUIZA DE ARROXELAS GALVAO         RUA CAIO PEREIRA       APT 1301      334ROSARINHO   52041045RECIFE         PE  00000000000000000000000000000000000000   000005
10210847762001315924800257892    00000011000000000000001597442015974420000000000000109                     I01000000000018061900000005750823410000001N120619940000000000001901806190000000000000000000000000000000000287540100022923295811AI YIFANG                               RUA BARAO DE ITAMARACA APT 402       460ESPINHEIRO  52020070RECIFE         PE  00000000000000000000000000000000000000   000006
9                                                                                                                                                                                                                                                                                                                                                                                                         000007
