01REMESSA01COBRANCA       924800257892        COLEGIO DAS DAMAS DA INSTRUCAO341BANCO ITAU SA  181018                                                                                                                                                                                                                                                                                                      000001
10210847762001315924800257892    00000011000000000000001232417012324170000000000000109                     I01000001038105111800000001422783410000001N181018940000000000000430511180000000000000000000000000000000000000000200044943865453ALISSON CESAR NUNES DA PAZ              RUA TELES JUNIOR       APT 1101       30ROSARINHO   52050040RECIFE         PE  00000000000000000000000000000000000000   000002
10210847762001315924800257892    00000011000000000000001234659012346590000000000000109                     I01000001039305111800000001422783410000001N181018940000000000000430511180000000000000000000000000000000000000000100002238464492ERICK DA COSTA LIRA                     RUA DE APIPUCOS        APT 602 - C   261APIPUCOS    52071000RECIFE         PE  00000000000000000000000000000000000000   000003
10210847762001315924800257892    00000011000000000000001241151012411510000000000000109                     I01000211208805111800000001720003410000001N181018940000000000000520511180000000000000000000000000000000000000000200070606463453MARIA DAS GRACAS OLIVEIRA MAGALHAES HENRRUA TELES JUNIOR       APT 2402      350AFLITOS     52050375RECIFE         PE  01010000000000000000000000000000000000   000004
10210847762001315924800257892    00000011000000000000001250486012504860000000000000109                     I01000212282205111800000001639003410000001N181018940000000000000490511180000000000000000000000000000000000000000100001992089485FLAVIO VIEIRA GADELHA DE ALBUQUERQUE    SERRITA                APTO 601       55JAQUEIRA    52050091RECIFE         PE  01010000000000000000000000000000000000   000005
9                                                                                                                                                                                                                                                                                                                                                                                                         000006