01REMESSA01COBRANCA       924800257892        COLEGIO DAS DAMAS DA INSTRUCAO341BANCO ITAU SA  181018                                                                                                                                                                                                                                                                                                      000001
10210847762001315924800257892    00000011000000000000001232417012324170000000000000109                     I01000001038105111800000001422783410000001N181018940000000000000430511180000000000000000000000000000000000000000200044943865453ALISSON CESAR NUNES DA PAZ              RUA TELES JUNIOR       APT 1101       30ROSARINHO   52050040RECIFE         PE  00000000000000000000000000000000000000   000002
10210847762001315924800257892    00000011000000000000001234659012346590000000000000109                     I01000001039305111800000001422783410000001N181018940000000000000430511180000000000000000000000000000000000000000100002238464492ERICK DA COSTA LIRA                     RUA DE APIPUCOS        APT 602 - C   261APIPUCOS    52071000RECIFE         PE  00000000000000000000000000000000000000   000003
10210847762001315924800257892    00000011000000000000001241151012411510000000000000109                     I01000211208805111800000001720003410000001N181018940000000000000520511180000000000000000000000000000000000000000200070606463453MARIA DAS GRACAS OLIVEIRA MAGALHAES HENRRUA TELES JUNIOR       APT 2402      350AFLITOS     52050375RECIFE         PE  01010000000000000000000000000000000000   000004
10210847762001315924800257892    00000011000000000000001250486012504860000000000000109                     I01000212282205111800000001639003410000001N181018940000000000000490511180000000000000000000000000000000000000000100001992089485FLAVIO VIEIRA GADELHA DE ALBUQUERQUE    SERRITA                APTO 601       55JAQUEIRA    52050091RECIFE         PE  01010000000000000000000000000000000000   000005
10210847762001315924800257892    00000011000000000000001259406012594060000000000000109                     I01000001050705111800000001172373410000001N181018940000000000000350511180000000000000000000000000000000000000000200003186902410LUCIOLA KARLA OLIVEIRA BELTRAO WAKED    RUA PROFESSOR SOUTO MAIAP 606         33CASA AMARELA52051240RECIFE         PE  00000000000000000000000000000000000000   000006
10210847762001315924800257892    00000011000000000000001261795012617950000000000000109                     I01000213443705111800000001580503410000001N181018940000000000000480511180000000000000000000000000000000000000000100000995594473MARCONDES HOLANDA CAVALCANTI            RUA EVARISTO DA VEIGA  APTO 602      220CASA AMARELA52070100RECIFE         PE  01010000000000000000000000000000000000   000007
10210847762001315924800257892    00000011000000000000001270355012703550000000000000109                     I01000214421305111800000001639003410000001N181018940000000000000490511180000000081950000000000000000000000000000100001320811485SILVIA REGINA DE MORAIS                 AVENIDA SANTOS DUMONT  2103         1500ROSARINHO   52050500RECIFE         PE  01010000000000000000000000000000000000   000008
10210847762001315924800257892    00000011000000000000001271581012715810000000000000109                     I01000214590320111800000001639003410000001N181018940000000000000492011180000000032780000000000000000000000000000200081722036400BRUNO TAVARES ALVES DE MELO             RUA ESMERALDINO BANDEIR1001          178GRACAS      52011090RECIFE         PE  01010000000000000000000000000000000000   000009
10210847762001315924800257892    00000011000000000000001271593012715930000000000000109                     I01000214591705111800000001720003410000001N181018940000000000000520511180000000034400000000000000000000000000000100001992089485FLAVIO VIEIRA GADELHA DE ALBUQUERQUE    SERRITA                APTO 601       55JAQUEIRA    52050091RECIFE         PE  01010000000000000000000000000000000000   000010
10210847762001315924800257892    00000011000000000000001271701012717010000000000000109                     I01000214610905111800000001580503410000001N181018940000000000000480511180000000079025000000000000000000000000000200002651354430RODRIGO GOMES FERREIRA                  RUA LAURA CAMPELO      203           131TORRE       50710270RECIFE         PE  01010000000000000000000000000000000000   000011
10210847762001315924800257892    00000011000000000000001271711012717110000000000000109                     I01000214612005111800000001580503410000001N181018940000000000000480511180000000000000000000000000000000000000000100070258309415GUSTAVO FERREIRA SANTOS                 RUA JACOBINA           APTO 2102      45GRACAS      52011180RECIFE         PE  01010000000000000000000000000000000000   000012
10210847762001315924800257892    00000011000000000000001271722012717220000000000000109                     I01000214613905111800000001580503410000001N181018940000000000000480511180000000023707000000000000000000000000000200061124532404AMELIA DE CERQUEIRA JUDICE DOS SANTOS   RUA MONSENHOR SILVA    602           209MADALENA    50610360RECIFE         PE  01010000000000000000000000000000000000   000013
10210847762001315924800257892    00000011000000000000001271733012717330000000000000109                     I01000214615005111800000001580503410000001N181018940000000000000480511180000000079025000000000000000000000000000100000736881425HUGO ANDERSON COELHO VERAS DE SOUSA     RUA PADRE ROMA         1202          652TAMARINEIRA 52050150RECIFE         PE  01010000000000000000000000000000000000   000014
10210847762001315924800257892    00000011000000000000001271755012717550000000000000109                     I01000214617505111800000001639003410000001N181018940000000000000490511180000000000000000000000000000000000000000200032796781453ANGELA CAVALCANTI MELO                  RUA PROFESSOR SOUTO MAIAPT206         33CASA AMARELA52051240RECIFE         PE  01010000000000000000000000000000000000   000015
10210847762001315924800257892    00000011000000000000001271784012717840000000000000109                     I01000214623405111800000002090003410000001N181018940000000000000630511180000000020900000000000000000000000000000200068821352404EVA VALENCA PIO DOS SANTOS              RUA ANTONIO VALDEVINO C104 BL 01      94CORDEIRO    50640040RECIFE         PE  01010000000000000000000000000000000000   000016
9                                                                                                                                                                                                                                                                                                                                                                                                         000017