01REMESSA01COBRANCA       924800257892        COLEGIO DAS DAMAS DA INSTRUCAO341BANCO ITAU SA  181018                                                                                                                                                                                                                                                                                                      000001
10210847762001315924800257892    00000011000000000000001232417012324170000000000000109                     I01000001038105111800000001422783410000001N181018940000000000000430511180000000000000000000000000000000000000000200044943865453ALISSON CESAR NUNES DA PAZ              RUA TELES JUNIOR       APT 1101       30ROSARINHO   52050040RECIFE         PE  00000000000000000000000000000000000000   000002
9                                                                                                                                                                                                                                                                                                                                                                                                         000003